% This file was created with JabRef 2.3.1.
% Encoding: ISO8859_1

@article{Einstein1906,
  author = {Einstein, A.},
  title = {Eine neue Bestimmung der Molek\"uldimensionen},
  journal = {Annalen der Physik},
  year = {1906},
  volume = {324},
  pages = {289--306},
  number = {2},
  doi = {10.1002/andp.19063240204},
  url = {http://dx.doi.org/10.1002/andp.19063240204}
}

@article{donchyts2016earth,
	title={Earth's surface water change over the past 30 years},
	author={Donchyts, Gennadii and Baart, Fedor and Winsemius, Hessel and Gorelick, Noel and Kwadijk, Jaap and van de Giesen, Nick},
	journal={Nature Climate Change},
	volume={6},
	number={9},
	pages={810--813},
	year={2016},
	publisher={Nature Research}
}